@incollection{Bengio+chapter2007,
author = {Bengio, Yoshua and LeCun, Yann},
booktitle = {Large Scale Kernel Machines},
publisher = {MIT Press},
title = {Scaling Learning Algorithms Towards {AI}},
year = {2007}
}

@article{Hinton06,
author = {Hinton, Geoffrey E. and Osindero, Simon and Teh, Yee Whye},
journal = {Neural Computation},
pages = {1527--1554},
title = {A Fast Learning Algorithm for Deep Belief Nets},
volume = {18},
year = {2006}
}

@article{Mnih2014,
  author    = {Volodymyr Mnih and
               Nicolas Heess and
               Alex Graves and
               Koray Kavukcuoglu},
  title     = {Recurrent Models of Visual Attention},
  journal   = {CoRR},
  volume    = {abs/1406.6247},
  year      = {2014},
  url       = {http://arxiv.org/abs/1406.6247},
  timestamp = {Tue, 01 Jul 2014 11:58:08 +0200},
  biburl    = {http://dblp.uni-trier.de/rec/bib/journals/corr/MnihHGK14},
  bibsource = {dblp computer science bibliography, http://dblp.org}
}

@article{Ba2014,
  author    = {Jimmy Ba and
               Volodymyr Mnih and
               Koray Kavukcuoglu},
  title     = {Multiple Object Recognition with Visual Attention},
  journal   = {CoRR},
  volume    = {abs/1412.7755},
  year      = {2014},
  url       = {http://arxiv.org/abs/1412.7755},
  timestamp = {Thu, 01 Jan 2015 19:51:08 +0100},
  biburl    = {http://dblp.uni-trier.de/rec/bib/journals/corr/BaMK14},
  bibsource = {dblp computer science bibliography, http://dblp.org}
}

@article{Cho2014,
  author    = {Kyunghyun Cho and
               Bart van Merrienboer and
               {\c{C}}aglar G{\"{u}}l{\c{c}}ehre and
               Fethi Bougares and
               Holger Schwenk and
               Yoshua Bengio},
  title     = {Learning Phrase Representations using {RNN} Encoder-Decoder for Statistical
               Machine Translation},
  journal   = {CoRR},
  volume    = {abs/1406.1078},
  year      = {2014},
  url       = {http://arxiv.org/abs/1406.1078},
  timestamp = {Wed, 02 Jul 2014 08:24:58 +0200},
  biburl    = {http://dblp.uni-trier.de/rec/bib/journals/corr/ChoMGBSB14},
  bibsource = {dblp computer science bibliography, http://dblp.org}
}
